@article{gosper1972continued,
  title={Continued fraction arithmetic},
  author={Gosper, Ralph W},
  journal={HAKMEM Item 101B, MIT Artificial Intelligence Memo},
  volume={239},
  year={1972}
}

@article{vuillemin1990exact,
  title={Exact real computer arithmetic with continued fractions},
  author={Vuillemin, Jean E},
  journal={Computers, IEEE Transactions on},
  volume={39},
  number={8},
  pages={1087--1105},
  year={1990},
  publisher={IEEE}
}

@incollection{lester1992vuillemin,
  title={Vuilleminâ€™s exact real arithmetic},
  author={Lester, David R},
  booktitle={Functional Programming, Glasgow 1991},
  pages={225--238},
  year={1992},
  publisher={Springer}
}
